@book {apostol,
    AUTHOR = {Apostol, Tom M.},
     TITLE = {Calculus. {V}ol. {II}: {M}ulti-variable calculus and linear
              algebra, with applications to differential equations and
              probability},
    SERIES = {Second edition},
 PUBLISHER = {Blaisdell Publishing Co. Ginn and Co., Waltham, Mass.-Toronto,
              Ont.-London},
      YEAR = {1969},
     PAGES = {xxi+673},
   MRCLASS = {26.20},
  MRNUMBER = {0248290},
MRREVIEWER = {F. Brooks},
}


@book {H13,
    AUTHOR = {Hammack, Richard},
     TITLE = {Book of {P}roof},
 PUBLISHER = {Creative Commons},
      YEAR = {2018},
      Edition = {3}, 
     PAGES = {xi+368},
}


@book {AM69,
    AUTHOR = {Atiyah, M. F. and Macdonald, I. G.},
     TITLE = {Introduction to commutative algebra},
 PUBLISHER = {Addison-Wesley Publishing Co., Reading, Mass.-London-Don
              Mills, Ont.},
      YEAR = {1969},
     PAGES = {ix+128},
   MRCLASS = {13.00},
  MRNUMBER = {0242802 (39 \#4129)},
MRREVIEWER = {J. A. Johnson},
}


@book {AK70,
    AUTHOR = {Altman, Allen and Kleiman, Steven},
     TITLE = {Introduction to {G}rothendieck duality theory},
    SERIES = {Lecture Notes in Mathematics, Vol. 146},
 PUBLISHER = {Springer-Verlag, Berlin-New York},
      YEAR = {1970},
     PAGES = {ii+185},
   MRCLASS = {14.55},
  MRNUMBER = {0274461 (43 \#224)},
MRREVIEWER = {Y. Nakai},
}


@book {E95,
    AUTHOR = {Eisenbud, David},
     TITLE = {Commutative algebra},
    SERIES = {Graduate Texts in Mathematics},
    VOLUME = {150},
      NOTE = {With a view toward algebraic geometry},
 PUBLISHER = {Springer-Verlag, New York},
      YEAR = {1995},
     PAGES = {xvi+785},
      ISBN = {0-387-94268-8; 0-387-94269-6},
   MRCLASS = {13-01 (14A05)},
  MRNUMBER = {1322960 (97a:13001)},
MRREVIEWER = {Matthew Miller},
       DOI = {10.1007/978-1-4612-5350-1},
       URL = {http://dx.doi.org/10.1007/978-1-4612-5350-1},
}


@book {Mat89,
    AUTHOR = {Matsumura, Hideyuki},
     TITLE = {Commutative ring theory},
    SERIES = {Cambridge Studies in Advanced Mathematics},
    VOLUME = {8},
   EDITION = {Second},
      NOTE = {Translated from the Japanese by M. Reid},
 PUBLISHER = {Cambridge University Press, Cambridge},
      YEAR = {1989},
     PAGES = {xiv+320},
      ISBN = {0-521-36764-6},
   MRCLASS = {13-01},
  MRNUMBER = {1011461 (90i:13001)},
}
